@article{peleg1989unified,
  author       = {Shmuel Peleg and
                  Michael Werman and
                  Hillel Rom},
  title        = {A Unified Approach to the Change of Resolution: Space and Gray-Level},
  journal      = {{IEEE} Transactions on Pattern Analysis and Machine Intelligence},
  volume       = {11},
  number       = {7},
  pages        = {739--742},
  year         = {1989},
  url          = {https://doi.org/10.1109/34.192468},
  doi          = {10.1109/34.192468},
  timestamp    = {Wed, 17 May 2017 10:56:22 +0200},
  biburl       = {https://dblp.org/rec/journals/pami/PelegWR89.bib},
  bibsource    = {dblp computer science bibliography, https://dblp.org}
}



@article{werman1985distance,
  author       = {Michael Werman and
                  Shmuel Peleg and
                  Azriel Rosenfeld},
  title        = {A distance metric for multidimensional histograms},
  journal      = {Computer Vision, Graphics, and Image Processing},
  volume       = {32},
  number       = {3},
  pages        = {328--336},
  year         = {1985},
  url          = {https://doi.org/10.1016/0734-189X(85)90055-6},
  doi          = {10.1016/0734-189X(85)90055-6},
  timestamp    = {Thu, 14 May 2020 22:23:10 +0200},
  biburl       = {https://dblp.org/rec/journals/cvgip/WermanPR85.bib},
  bibsource    = {dblp computer science bibliography, https://dblp.org}
}



@article{rubner2000earthmover,
  author       = {Yossi Rubner and
                  Carlo Tomasi and
                  Leonidas J. Guibas},
  title        = {The Earth Mover's Distance as a Metric for Image Retrieval},
  journal      = {Int. J. Comput. Vis.},
  volume       = {40},
  number       = {2},
  pages        = {99--121},
  year         = {2000},
  url          = {https://doi.org/10.1023/A:1026543900054},
  doi          = {10.1023/A:1026543900054},
  timestamp    = {Fri, 13 Mar 2020 10:59:09 +0100},
  biburl       = {https://dblp.org/rec/journals/ijcv/RubnerTG00.bib},
  bibsource    = {dblp computer science bibliography, https://dblp.org}
}



@inproceedings{rabin2010geodesic,
  author       = {Julien Rabin and
                  Gabriel Peyr{\'{e}} and
                  Laurent D. Cohen},
  editor       = {Kostas Daniilidis and
                  Petros Maragos and
                  Nikos Paragios},
  title        = {Geodesic Shape Retrieval via Optimal Mass Transport},
  booktitle    = {Computer Vision - {ECCV} 2010 - 11th European Conference on Computer
                  Vision, Heraklion, Crete, Greece, September 5-11, 2010, Proceedings,
                  Part {V}},
  series       = {Lecture Notes in Computer Science},
  volume       = {6315},
  pages        = {771--784},
  publisher    = {Springer},
  year         = {2010},
  url          = {https://doi.org/10.1007/978-3-642-15555-0\_56},
  doi          = {10.1007/978-3-642-15555-0\_56},
  timestamp    = {Thu, 27 Jul 2023 08:17:18 +0200},
  biburl       = {https://dblp.org/rec/conf/eccv/RabinPC10.bib},
  bibsource    = {dblp computer science bibliography, https://dblp.org}
}



@article{peyre2010geodesic,
  author       = {Gabriel Peyr{\'{e}} and
                  Micka{\"{e}}l P{\'{e}}chaud and
                  Renaud Keriven and
                  Laurent D. Cohen},
  title        = {Geodesic Methods in Computer Vision and Graphics},
  journal      = {Found. Trends Comput. Graph. Vis.},
  volume       = {5},
  number       = {3-4},
  pages        = {197--397},
  year         = {2010},
  url          = {https://doi.org/10.1561/0600000029},
  doi          = {10.1561/0600000029},
  timestamp    = {Fri, 13 Mar 2020 14:36:38 +0100},
  biburl       = {https://dblp.org/rec/journals/ftcgv/PeyrePKC10.bib},
  bibsource    = {dblp computer science bibliography, https://dblp.org}
}



@article{schmitzer2016sparse,
  title={A sparse multiscale algorithm for dense optimal transport},
  author={Schmitzer, Bernhard},
  journal={Journal of Mathematical Imaging and Vision},
  volume={56},
  pages={238--259},
  year={2016},
  publisher={Springer}
}



@article{schrieber2017dotmark,
  author       = {J{\"{o}}rn Schrieber and
                  Dominic Schuhmacher and
                  Carsten Gottschlich},
  title        = {{DOTmark} - {A} Benchmark for Discrete Optimal Transport},
  journal      = {{IEEE} Access},
  volume       = {5},
  pages        = {271--282},
  year         = {2017},
  url          = {https://doi.org/10.1109/ACCESS.2016.2639065},
  doi          = {10.1109/ACCESS.2016.2639065},
  timestamp    = {Wed, 04 Jul 2018 13:22:17 +0200},
  biburl       = {https://dblp.org/rec/journals/access/SchrieberSG17.bib},
  bibsource    = {dblp computer science bibliography, https://dblp.org}
}



@book{ahuja1993networkflows,
  author       = {Ravindra K. Ahuja and
                  Thomas L. Magnanti and
                  James B. Orlin},
  title        = {Network flows - theory, algorithms and applications},
  publisher    = {Prentice Hall},
  year         = {1993},
  isbn         = {978-0-13-617549-0},
  timestamp    = {Wed, 27 Apr 2011 17:30:29 +0200},
  biburl       = {https://dblp.org/rec/books/daglib/0069809.bib},
  bibsource    = {dblp computer science bibliography, https://dblp.org}
}



@inproceedings{dezso2010lemon,
  author       = {Bal{\'{a}}zs Dezso and
                  Alp{\'{a}}r J{\"{u}}ttner and
                  P{\'{e}}ter Kov{\'{a}}cs},
  editor       = {Zolt{\'{a}}n Porkol{\'{a}}b and
                  Norbert Pataki},
  title        = {{LEMON} - an Open Source {C++} Graph Template Library},
  booktitle    = {Proceedings of the Second Workshop on Generative Technologies, WGT@ETAPS
                  2010, Paphos, Cyprus, March 27, 2010},
  series       = {Electronic Notes in Theoretical Computer Science},
  volume       = {264},
  number       = {5},
  pages        = {23--45},
  publisher    = {Elsevier},
  year         = {2010},
  url          = {https://doi.org/10.1016/j.entcs.2011.06.003},
  doi          = {10.1016/J.ENTCS.2011.06.003},
  timestamp    = {Mon, 24 Jul 2023 17:37:42 +0200},
  biburl       = {https://dblp.org/rec/journals/entcs/DezsoJK11.bib},
  bibsource    = {dblp computer science bibliography, https://dblp.org}
}

